@misc{web:vk,
author = "{\relax Valentin Kuznetsov}",
title = "{DCAF Pilot for CMS: pilot project for CMS computing data-mining}",
month = "February",
year = "2015",
url = "http://www.lepp.cornell.edu/~vk/Talks/Pilot1/it.html"
},

@misc{web:vkgithub,
author = "{\relax Valentin Kuznetsov}",
title = "{DMWM Analytics Project site}",
month = "May",
year = "2015",
url = "https://github.com/dmwm/DMWMAnalytics"
},

@misc{web:tlgithub,
author = "{\relax Ting Li}",
title = "{DCAF Pilot Calendar Mining site}",
month = "May",
year = "2015",
url = "https://github.com/tli12/DCAFPilotCalMining"
},


@misc{web:slguide,
author = "{\relax Scikit-Learn developers}",
title = "{1.11.2.5. Feature importance evaluation, Scikit-Learn version 0.16.1 User Guide}",
month = "May",
year = "2015",
url = "http://scikit-learn.org/stable/modules/ensemble.html#feature-importance-evaluation"
},


@misc{web:slcat,
author = "{\relax Scikit-Learn developers}",
title = "Categorical split for decision tree discussion",
month = "May",
year = "2015",
url = "https://github.com/scikit-learn/scikit-learn/pull/3346"
},

@misc{web:cms,
author = "{\relax TWiki at CERN}",
title = "{2.2 CMS Computing Model, The CMS Offline WorkBook}",
month = "May",
year = "2015",
url = "https://twiki.cern.ch/twiki/bin/view/CMSPublic/WorkBookComputingModel"
},



@misc{web:wiki,
author = "{\relax Wikipedia}",
title = "{Compact Muon Solenoid}",
month = "May",
year = "2015",
url = "http://en.wikipedia.org/wiki/Compact_Muon_Solenoid"
},


@misc{web:lxplus,
author = "{\relax CERN IT Dept}",
title = "{LXPLUS Service}",
month = "May",
year = "2015",
url = "http://information-technology.web.cern.ch/services/lxplus-service",
},



